%% This BibTeX bibliography file was created using BibDesk.
%% http://bibdesk.sourceforge.net/

%% Created for Yannick Merckx at 2017-06-03 11:01:00 +0200 


%% Saved with string encoding Unicode (UTF-8) 



@inproceedings{hasselt2010double,
	Author = {Hasselt, Hado V},
	Booktitle = {Advances in Neural Information Processing Systems},
	Date-Added = {2017-06-01 19:19:23 +0000},
	Date-Modified = {2017-06-01 19:19:23 +0000},
	Pages = {2613--2621},
	Title = {Double Q-learning},
	Year = {2010}}

@article{lin1992self,
	Author = {Lin, Long-Ji},
	Date-Added = {2017-06-01 13:39:04 +0000},
	Date-Modified = {2017-06-01 13:39:04 +0000},
	Journal = {Machine learning},
	Number = {3-4},
	Pages = {293--321},
	Publisher = {Springer},
	Title = {Self-improving reactive agents based on reinforcement learning, planning and teaching},
	Volume = {8},
	Year = {1992}}

@article{watkins1992q,
	Author = {Watkins, Christopher JCH and Dayan, Peter},
	Date-Added = {2017-06-01 11:05:02 +0000},
	Date-Modified = {2017-06-01 11:05:02 +0000},
	Journal = {Machine learning},
	Number = {3-4},
	Pages = {279--292},
	Publisher = {Springer},
	Title = {Q-learning},
	Volume = {8},
	Year = {1992}}

@inproceedings{van2016deep,
	Author = {Van Hasselt, Hado and Guez, Arthur and Silver, David},
	Booktitle = {AAAI},
	Date-Added = {2017-06-01 11:02:23 +0000},
	Date-Modified = {2017-06-01 11:02:23 +0000},
	Pages = {2094--2100},
	Title = {Deep Reinforcement Learning with Double Q-Learning.},
	Year = {2016}}

@article{mnih2015human,
	Author = {Mnih, Volodymyr and Kavukcuoglu, Koray and Silver, David and Rusu, Andrei A and Veness, Joel and Bellemare, Marc G and Graves, Alex and Riedmiller, Martin and Fidjeland, Andreas K and Ostrovski, Georg and others},
	Date-Added = {2017-06-01 11:01:49 +0000},
	Date-Modified = {2017-06-01 11:01:49 +0000},
	Journal = {Nature},
	Number = {7540},
	Pages = {529},
	Publisher = {Nature Publishing Group},
	Title = {Human-level control through deep reinforcement learning},
	Volume = {518},
	Year = {2015}}

@article{schaul2015prioritized,
	Author = {Schaul, Tom and Quan, John and Antonoglou, Ioannis and Silver, David},
	Date-Added = {2017-06-01 11:01:00 +0000},
	Date-Modified = {2017-06-01 11:01:00 +0000},
	Journal = {arXiv preprint arXiv:1511.05952},
	Title = {Prioritized experience replay},
	Year = {2015}}

@book{sutton1998reinforcement,
	Author = {Sutton, Richard S and Barto, Andrew G},
	Date-Added = {2017-06-01 11:00:10 +0000},
	Date-Modified = {2017-06-01 11:00:10 +0000},
	Number = {1},
	Publisher = {MIT press Cambridge},
	Title = {Reinforcement learning: An introduction},
	Volume = {1},
	Year = {1998}}
